<record><leader>00000cas a22000007a 4500</leader><controlfield tag="001">16000313</controlfield><controlfield tag="008">870619d18uu1969inuwr ne      0    0eng d</controlfield><datafield ind1=" " ind2=" " tag="010"><subfield code="a">sn 87056273 </subfield></datafield><datafield ind1=" " ind2=" " tag="040"><subfield code="a">NPI</subfield><subfield code="b">eng</subfield><subfield code="c">NPI</subfield><subfield code="d">OCLCQ</subfield><subfield code="d">NPI</subfield><subfield code="d">OCLCQ</subfield></datafield><datafield ind1=" " ind2=" " tag="042"><subfield code="a">msc</subfield></datafield><datafield ind1="0" ind2="4" tag="245"><subfield code="a">The Wanatah mirror.</subfield></datafield><datafield ind1=" " ind2=" " tag="260"><subfield code="a">Wanatah, La Porte County, Ind. :</subfield><subfield code="b">William F. Hunt,</subfield><subfield code="c">-1969.</subfield></datafield><datafield ind1=" " ind2=" " tag="310"><subfield code="a">Weekly</subfield></datafield><datafield ind1="1" ind2=" " tag="362"><subfield code="a">Began in 1899.</subfield></datafield><datafield ind1="0" ind2=" " tag="362"><subfield code="a">-v. 75, no. 34 (Aug. 28, 1968 [i.e. 1969]).</subfield></datafield><datafield ind1=" " ind2=" " tag="588"><subfield code="a">Description based on: Vol. 4, no. 18 (Dec. 15, 1898).</subfield></datafield><datafield ind1=" " ind2=" " tag="752"><subfield code="a">United States</subfield><subfield code="b">Indiana</subfield><subfield code="c">LaPorte</subfield><subfield code="d">Wanatah.</subfield></datafield><datafield ind1="0" ind2="4" tag="785"><subfield code="t">Regional news (La Crosse, Ind.)</subfield><subfield code="w">(DLC)sn 87056274</subfield></datafield><datafield ind1="1" ind2=" " tag="029"><subfield code="a">AU@</subfield><subfield code="b">000025540923</subfield></datafield></record>